<?xml version="1.0" encoding="UTF-8"?><collection xmlns="http://www.loc.gov/MARC21/slim"><record><leader>00571nam--2200193-u-4500</leader><controlfield tag="001">000054393</controlfield><controlfield tag="002">20161230</controlfield><controlfield tag="005">20170108233001</controlfield><controlfield tag="008">111206s1000------------r-----000-0-rum-d</controlfield><datafield ind1=" " ind2=" " tag="040"><subfield code="a">IFIN-HH</subfield></datafield><datafield ind1=" " ind2=" " tag="041"><subfield code="a">rum</subfield></datafield><datafield ind1=" " ind2=" " tag="080"><subfield code="a">539.125.5(043)</subfield></datafield><datafield ind1="1" ind2=" " tag="100"><subfield code="a">Garlea, Ion</subfield></datafield><datafield ind1="1" ind2="0" tag="245"><subfield code="a">Contributii la studiul spectrului de neutroni rapizi in domeniul 10 kev - 3 mev</subfield><subfield code="b">Teza</subfield><subfield code="c">Ion Garlea</subfield></datafield><datafield ind1=" " ind2=" " tag="260"><subfield code="a">Bucuresti</subfield><subfield code="b">Csen</subfield><subfield code="c">1979</subfield></datafield><datafield ind1=" " ind2=" " tag="300"><subfield code="a">120 p. +tabele+pl</subfield></datafield><datafield ind1=" " ind2=" " tag="502"><subfield code="a">Conducator Stiintific: Confuniv.Dr. Ionel Purica</subfield></datafield><datafield ind1=" " ind2=" " tag="852"><subfield code="a">47084</subfield><subfield code="c">539.12</subfield></datafield><datafield ind1=" " ind2=" " tag="CAT"><subfield code="a">SYS</subfield><subfield code="c">20170108</subfield><subfield code="h">233001</subfield></datafield></record></collection>